@ARTICLE{anderson99,
author={Anderson, J.H. and Moir, M.},
journal={Parallel and Distributed Systems, IEEE Transactions on},
title={Universal constructions for large objects},
year={1999},
month={dec},
volume={10},
number={12},
pages={1317 -1332},
keywords={large objects;multiword shared variable;one-word primitives;shared objects;universal constructions;concurrency control;data structures;},
doi={10.1109/71.819952},
ISSN={1045-9219},
}

@article{altman10,
 author = {Altman, E. and Arnold, M. and Bordawekar, R. and Delmonico, R. M. and Mitchell, N. and Sweeney, P. F.},
 title = {Observations on tuning a java enterprise application for performance and scalability},
 journal = {IBM J. Res. Dev.},
 issue_date = {September 2010},
 volume = {54},
 number = {5},
 month = sep,
 year = {2010},
 issn = {0018-8646},
 pages = {494--505},
 numpages = {12},
 url = {http://dx.doi.org/10.1147/JRD.2010.2057090},
 doi = {10.1147/JRD.2010.2057090},
 acmid = {1940707},
 publisher = {IBM Corp.},
 address = {Riverton, NJ, USA},
} 

@article{bronson10,
 author = {Bronson, Nathan G. and Casper, Jared and Chafi, Hassan and Olukotun, Kunle},
 title = {A practical concurrent binary search tree},
 journal = {SIGPLAN Not.},
 issue_date = {May 2010},
 volume = {45},
 number = {5},
 month = jan,
 year = {2010},
 issn = {0362-1340},
 pages = {257--268},
 numpages = {12},
 url = {http://doi.acm.org/10.1145/1837853.1693488},
 doi = {10.1145/1837853.1693488},
 acmid = {1693488},
 publisher = {ACM},
 address = {New York, NY, USA},
 keywords = {optimistic concurrency, snapshot isolation},
} 

@incollection {crauser98,
   author = {Crauser, A. and Mehlhorn, K. and Meyer, U. and Sanders, P.},
   affiliation = {Max-Planck-Institut f\"{u}r Informatik Im Stadtwald 66123 Saarbr\"{u}cken Germany},
   title = {A parallelization of Dijkstra's shortest path algorithm},
   booktitle = {Mathematical Foundations of Computer Science 1998},
   series = {Lecture Notes in Computer Science},
   editor = {Brim, Lubo. and Gruska, Jozef and Zlatu\v{s}ka, Jir\'{i}},
   publisher = {Springer Berlin / Heidelberg},
   isbn = {978-3-540-64827-7},
   keyword = {Computer Science},
   pages = {722-731},
   volume = 1450,
   url = {http://dx.doi.org/10.1007/BFb0055823},
   note = {10.1007/BFb0055823},
   year = 1998
}
@article {dijkstra59,
   author = {Dijkstra, E. W.},
   affiliation = {Mathematisch Centrum 2e Boerhaavestraat 49 Amsterdam-O},
   title = {A note on two problems in connexion with graphs},
   journal = {Numerische Mathematik},
   publisher = {Springer Berlin / Heidelberg},
   issn = {0029-599X},
   keyword = {Mathematics and Statistics},
   pages = {269-271},
   volume = {1},
   issue = {1},
   url = {http://dx.doi.org/10.1007/BF01386390},
   note = {10.1007/BF01386390},
   year = {1959}
}

@inproceedings{dechev10,
 author = {Dechev, Damian and Pirkelbauer, Peter and Stroustrup, Bjarne},
 title = {Understanding and Effectively Preventing the {{ABA}} Problem in Descriptor-Based Lock-Free Designs},
 booktitle = {Proceedings of the 2010 13th IEEE International Symposium on Object/Component/Service-Oriented Real-Time Distributed Computing},
 series = {ISORC '10},
 year = {2010},
 isbn = {978-0-7695-4037-5},
 pages = {185--192},
 numpages = {8},
 url = {http://dx.doi.org/10.1109/ISORC.2010.10},
 doi = {10.1109/ISORC.2010.10},
 acmid = {1828944},
 publisher = {IEEE Computer Society},
 address = {Washington, DC, USA},
 keywords = {ABA problem, nonblocking synchronization, lock-free programming techniques},
}


@inproceedings{dechev11,
  author    = {Damian Dechev},
  title     = {The {{ABA}} problem in multicore data structures with collaborating
               operations},
  booktitle = {CollaborateCom},
  year      = 2011,
  pages     = {158-167},
  ee        = {http://ieeexplore.ieee.org/xpls/abs_all.jsp?arnumber=6144800},
  bibsource = {DBLP, http://dblp.uni-trier.de},
}

@article{driscoll88,
 author = {Driscoll, James R. and Gabow, Harold N. and Shrairman, Ruth and Tarjan, Robert E.},
 title = {Relaxed heaps: an alternative to Fibonacci heaps with applications to parallel computation},
 journal = {Commun. ACM},
 volume = {31},
 issue = {11},
 month = {November},
 year = {1988},
 issn = {0001-0782},
 pages = {1343--1354},
 numpages = {12},
 url = {http://doi.acm.org/10.1145/50087.50096},
 doi = {http://doi.acm.org/10.1145/50087.50096},
 acmid = {50096},
 publisher = {ACM},
 address = {New York, NY, USA},
}

@incollection {elmasry10,
   author = {Elmasry, Amr},
   affiliation = {Max-Planck Institut f\"{u}r Informatik, Saarbr\"{u}cken, Germany},
   title = {The Violation Heap: A Relaxed Fibonacci-Like Heap},
   booktitle = {Computing and Combinatorics},
   series = {Lecture Notes in Computer Science},
   editor = {Thai, My and Sahni, Sartaj},
   publisher = {Springer Berlin / Heidelberg},
   isbn = {978-3-642-14030-3},
   keyword = {Computer Science},
   pages = {479-488},
   volume = 6196,
   url = {http://dx.doi.org/10.1007/978-3-642-14031-0_51},
   note = {10.1007/978-3-642-14031-0\_51},
   year = 2010
}

@phdthesis{fraser03,
 author = {Fraser, Keir},
 title = {Practical lock freedom},
 year = {2003},
 school =  {Cambridge University Computer Laboratory},
 note = {Also available as Technical Report UCAM-CL-TR-579},
}

@article{fraser07,
 author = {Fraser, Keir and Harris, Tim},
 title = {Concurrent programming without locks},
 journal = {ACM Trans. Comput. Syst.},
 issue_date = {May 2007},
 volume = {25},
 number = {2},
 month = may,
 year = {2007},
 issn = {0734-2071},
 articleno = {5},
 url = {http://doi.acm.org/10.1145/1233307.1233309},
 doi = {10.1145/1233307.1233309},
 acmid = {1233309},
 publisher = {ACM},
 address = {New York, NY, USA},
 keywords = {Concurrency, lock-free systems, transactional memory},
} 
 
@article{fredman86,
 author = {Fredman, Michael L. and Sedgewick, Robert and Sleator, Daniel D. and Tarjan, Robert E.},
 title = {The pairing heap: a new form of self-adjusting heap},
 journal = {Algorithmica},
 volume = {1},
 issue = {1},
 month = {January},
 year = {1986},
 issn = {0178-4617},
 pages = {111--129},
 numpages = {19},
 url = {http://dl.acm.org/citation.cfm?id=6834.7302},
 doi = {10.1007/BF01840439},
 acmid = {7302},
 publisher = {Springer-Verlag New York, Inc.},
 address = {Secaucus, NJ, USA},
} 

@article{fredman87,
 author = {Fredman, Michael L. and Tarjan, Robert Endre},
 title = {Fibonacci heaps and their uses in improved network optimization algorithms},
 journal = {J. ACM},
 volume = {34},
 issue = {3},
 month = {July},
 year = {1987},
 issn = {0004-5411},
 pages = {596--615},
 numpages = {20},
 url = {http://doi.acm.org/10.1145/28869.28874},
 doi = {http://doi.acm.org/10.1145/28869.28874},
 acmid = {28874},
 publisher = {ACM},
 address = {New York, NY, USA},
}

@article{fredman99,
 author = {Fredman, Michael L.},
 title = {On the efficiency of pairing heaps and related data structures},
 journal = {J. ACM},
 volume = {46},
 issue = {4},
 month = {July},
 year = {1999},
 issn = {0004-5411},
 pages = {473--501},
 numpages = {29},
 url = {http://doi.acm.org/10.1145/320211.320214},
 doi = {http://doi.acm.org/10.1145/320211.320214},
 acmid = {320214},
 publisher = {ACM},
 address = {New York, NY, USA},
 keywords = {Fibonacci heaps, amortized complexity analysis, lower bounds, priority queues, self-adjusting data structures},
} 

@INPROCEEDINGS{hanson92,
    author = {Eric N. Hanson and Theodore Johnson},
    title = {The Interval Skip List: A Data Structure for Finding All Intervals That Overlap a Point},
    booktitle = {In Proc. of the 2nd Workshop on Algorithms and Data Structures},
    year = {1992},
    pages = {153--164},
    publisher = {Springer}
}

@inproceedings{hendler04,
 author = {Hendler, Danny and Shavit, Nir and Yerushalmi, Lena},
 title = {A scalable lock-free stack algorithm},
 booktitle = {Proceedings of the sixteenth annual ACM symposium on Parallelism in algorithms and architectures},
 series = {SPAA '04},
 year = {2004},
 isbn = {1-58113-840-7},
 location = {Barcelona, Spain},
 pages = {206--215},
 numpages = {10},
 url = {http://doi.acm.org/10.1145/1007912.1007944},
 doi = {http://doi.acm.org/10.1145/1007912.1007944},
 acmid = {1007944},
 publisher = {ACM},
 address = {New York, NY, USA},
}

@inproceedings{hendler10,
 author = {Hendler, Danny and Incze, Itai and Shavit, Nir and Tzafrir, Moran},
 title = {Flat combining and the synchronization-parallelism tradeoff},
 booktitle = {Proceedings of the 22nd ACM symposium on Parallelism in algorithms and architectures},
 series = {SPAA '10},
 year = {2010},
 isbn = {978-1-4503-0079-7},
 location = {Thira, Santorini, Greece},
 pages = {355--364},
 numpages = {10},
 url = {http://doi.acm.org/10.1145/1810479.1810540},
 doi = {10.1145/1810479.1810540},
 acmid = {1810540},
 publisher = {ACM},
 address = {New York, NY, USA},
 keywords = {concurrent data-structures, multiprocessors, synchronization},
} 

@book{herlihy08,
 author = {Herlihy, Maurice and Shavit, Nir},
 title = {The Art of Multiprocessor Programming},
 year = {2008},
 isbn = {0123705916, 9780123705914},
 publisher = {Morgan Kaufmann Publishers Inc.},
 address = {San Francisco, CA, USA},
}

@article{herlihy90,
 author = {Herlihy, Maurice P. and Wing, Jeannette M.},
 title = {Linearizability: a correctness condition for concurrent objects},
 journal = {ACM Trans. Program. Lang. Syst.},
 issue_date = {July 1990},
 volume = {12},
 number = {3},
 month = jul,
 year = {1990},
 issn = {0164-0925},
 pages = {463--492},
 numpages = {30},
 url = {http://doi.acm.org/10.1145/78969.78972},
 doi = {10.1145/78969.78972},
 acmid = {78972},
 publisher = {ACM},
 address = {New York, NY, USA},
} 
 
@article{herlihy91,
 author = {Herlihy, Maurice},
 title = {Wait-free synchronization},
 journal = {ACM Trans. Program. Lang. Syst.},
 issue_date = {Jan. 1991},
 volume = {13},
 number = {1},
 month = jan,
 year = {1991},
 issn = {0164-0925},
 pages = {124--149},
 numpages = {26},
 url = {http://doi.acm.org/10.1145/114005.102808},
 doi = {10.1145/114005.102808},
 acmid = {102808},
 publisher = {ACM},
 address = {New York, NY, USA},
 keywords = {linearization, wait-free synchronization},
} 

@article{herlihy93,
 author = {Herlihy, Maurice},
 title = {A methodology for implementing highly concurrent data objects},
 journal = {ACM Trans. Program. Lang. Syst.},
 volume = {15},
 issue = {5},
 month = {November},
 year = {1993},
 issn = {0164-0925},
 pages = {745--770},
 numpages = {26},
 url = {http://doi.acm.org/10.1145/161468.161469},
 doi = {http://doi.acm.org/10.1145/161468.161469},
 acmid = {161469},
 publisher = {ACM},
 address = {New York, NY, USA},
} 

@misc{hid,
title = {Human Interactor Database},
author = {{Center for Cancer Systems Biology}},
url = {http://interactome.dfci.harvard.edu/H_sapiens/},
}

@INPROCEEDINGS{huang91,
author={Qin Huang and Weihl, W.E.},
booktitle={Parallel and Distributed Processing, 1991. Proceedings of the Third IEEE Symposium on},
title={An evaluation of concurrent priority queue algorithms},
year={1991},
month={dec},
volume={},
number={},
pages={518 -525},
keywords={concurrent B-tree;concurrent binary heap;concurrent priority pool;concurrent priority queue algorithms evaluation;data structure;design;parallel Fibonacci heap;performance;single source shortest path problem;vertex cover problem;data structures;parallel algorithms;},
doi={10.1109/SPDP.1991.218255},
ISSN={},}

@ARTICLE{hunt96,
    author = {Galen Hunt and Maged M. Michael and Srinivasan Parthasarathy and Michael L. Scott},
    title = {An Efficient Algorithm for Concurrent Priority Queue Heaps},
    journal = {Inf. Proc. Letters},
    year = {1996},
    volume = {60},
    pages = {151--157}
}

@incollection {israeli93,
   author = {Israeli, Amos and Rappoport, Lihu},
   affiliation = {Faculty of Electrical Engineering Technion Israel Technion Israel},
   title = {Efficient wait-free implementation of a concurrent priority queue},
   booktitle = {Distributed Algorithms},
   series = {Lecture Notes in Computer Science},
   editor = {Schiper, Andr\'{e}},
   publisher = {Springer Berlin / Heidelberg},
   isbn = {978-3-540-57271-8},
   keyword = {Computer Science},
   pages = {1-17},
   volume = {725},
   url = {http://dx.doi.org/10.1007/3-540-57271-6_23},
   note = {10.1007/3-540-57271-6\_23},
   year = {1993}
}

@inproceedings{leskovec05,
 author = {Leskovec, Jure and Kleinberg, Jon and Faloutsos, Christos},
 title = {Graphs over time: densification laws, shrinking diameters and possible explanations},
 booktitle = {Proceedings of the eleventh ACM SIGKDD international conference on Knowledge discovery in data mining},
 series = {KDD '05},
 year = {2005},
 isbn = {1-59593-135-X},
 location = {Chicago, Illinois, USA},
 pages = {177--187},
 numpages = {11},
 url = {http://doi.acm.org/10.1145/1081870.1081893},
 doi = {10.1145/1081870.1081893},
 acmid = {1081893},
 publisher = {ACM},
 address = {New York, NY, USA},
 keywords = {densification power laws, graph generators, graph mining, heavy-tailed distributions, small-world phenomena},
} 

@article{leskovec07,
 author = {Leskovec, Jure and Adamic, Lada A. and Huberman, Bernardo A.},
 title = {The dynamics of viral marketing},
 journal = {ACM Trans. Web},
 issue_date = {May 2007},
 volume = {1},
 number = {1},
 month = may,
 year = {2007},
 issn = {1559-1131},
 articleno = {5},
 url = {http://doi.acm.org/10.1145/1232722.1232727},
 doi = {10.1145/1232722.1232727},
 acmid = {1232727},
 publisher = {ACM},
 address = {New York, NY, USA},
 keywords = {Viral marketing, e-commerce, long tail, network analysis, recommender systems, word-of-mouth},
} 

@article{leskovec09,
  author    = {Jure Leskovec and
               Kevin J. Lang and
               Anirban Dasgupta and
               Michael W. Mahoney},
  title     = {Community Structure in Large Networks: Natural Cluster Sizes
               and the Absence of Large Well-Defined Clusters},
  journal   = {Internet Mathematics},
  volume    = {6},
  number    = {1},
  year      = {2009},
  pages     = {29-123},
}


@article{rao88,
 author = {Rao, V. N. and Kumar, V.},
 title = {Concurrent Access of Priority Queues},
 journal = {IEEE Trans. Comput.},
 volume = {37},
 issue = {12},
 month = {December},
 year = {1988},
 issn = {0018-9340},
 pages = {1657--1665},
 numpages = {9},
 url = {http://dl.acm.org/citation.cfm?id=54025.54042},
 doi = {10.1109/12.9744},
 acmid = {54042},
 publisher = {IEEE Computer Society},
 address = {Washington, DC, USA},
 keywords = {BBN Butterfly parallel processor, concurrent-heap algorithms, data structure, multiprocessing systems, parallel algorithms, parallel branch-and-bound, priority queues, queueing theory., shared heap, shared-memory multiprocessor},
}

@article{jones89,
 author = {Jones, Douglas W.},
 title = {Concurrent operations on priority queues},
 journal = {Commun. ACM},
 volume = {32},
 issue = {1},
 month = {January},
 year = {1989},
 issn = {0001-0782},
 pages = {132--137},
 numpages = {6},
 url = {http://doi.acm.org/10.1145/63238.63249},
 doi = {http://doi.acm.org/10.1145/63238.63249},
 acmid = {63249},
 publisher = {ACM},
 address = {New York, NY, USA},
} 

@book{kleiman96,
  title={Programming with threads},
  author={Kleiman, S. and Shah, D. and Smaalders, B.},
  isbn={9780131723894},
  lccn={96147993},
  url={http://books.google.com/books?id=\_xopAQAAMAAJ},
  year={1996},
  publisher={Sun Soft Press}
}

@inproceedings{michael96,
 author = {Michael, Maged M. and Scott, Michael L.},
 title = {Simple, fast, and practical non-blocking and blocking concurrent queue algorithms},
 booktitle = {Proceedings of the fifteenth annual ACM symposium on Principles of distributed computing},
 series = {PODC '96},
 year = {1996},
 isbn = {0-89791-800-2},
 location = {Philadelphia, Pennsylvania, United States},
 pages = {267--275},
 numpages = {9},
 url = {http://doi.acm.org/10.1145/248052.248106},
 doi = {http://doi.acm.org/10.1145/248052.248106},
 acmid = {248106},
 publisher = {ACM},
 address = {New York, NY, USA},
 keywords = {compare_and_swap, concurrent queue, lock-free, multiprogramming, non-blocking},
} 

@inproceedings{moir05,
 author = {Moir, Mark and Nussbaum, Daniel and Shalev, Ori and Shavit, Nir},
 title = {Using elimination to implement scalable and lock-free FIFO queues},
 booktitle = {Proceedings of the seventeenth annual ACM symposium on Parallelism in algorithms and architectures},
 series = {SPAA '05},
 year = {2005},
 isbn = {1-58113-986-1},
 location = {Las Vegas, Nevada, USA},
 pages = {253--262},
 numpages = {10},
 url = {http://doi.acm.org/10.1145/1073970.1074013},
 doi = {http://doi.acm.org/10.1145/1073970.1074013},
 acmid = {1074013},
 publisher = {ACM},
 address = {New York, NY, USA},
 keywords = {FIFO queues, elimination, linearizability, lock-free, multiprocessors, nonblocking synchronization, scalability},
} 

@MISC{moret94,
    author = {Bernard M. E. Moret and Henry D. Shapiro},
    title = {An Empirical Assessment of Algorithms for Constructing a Minimum Spanning Tree},
    year = {1994}
}

@article{nageshwara88,
author={Nageshwara, R.V. and Kumar, V.},
journal={Computers, IEEE Transactions on},
title={Concurrent access of priority queues},
year=1988,
month={Dec},
volume=37,
number=12,
pages={1657 -1665},
keywords={BBN Butterfly parallel processor;concurrent-heap algorithms;data structure;parallel algorithms;parallel branch-and-bound;priority queues;shared heap;shared-memory multiprocessor;multiprocessing systems;parallel algorithms;queueing theory;},
doi={10.1109/12.9744},
ISSN={0018-9340},}

@article{ogata10,
 author = {Ogata, Kazunori and Mikurube, Dai and Kawachiya, Kiyokuni and Trent, Scott and Onodera, Tamiya},
 title = {A study of Java's non-Java memory},
 journal = {SIGPLAN Not.},
 issue_date = {October 2010},
 volume = {45},
 number = {10},
 month = oct,
 year = {2010},
 issn = {0362-1340},
 pages = {191--204},
 numpages = {14},
 url = {http://doi.acm.org/10.1145/1932682.1869477},
 doi = {10.1145/1932682.1869477},
 acmid = {1869477},
 publisher = {ACM},
 address = {New York, NY, USA},
 keywords = {java, java native memory, memory footprint analysis, non-java memory},
} 

@book{peierls05,
 author = {Peierls, Tim and Goetz, Brian and Bloch, Joshua and Bowbeer, Joseph and Lea, Doug and Holmes, David},
 title = {Java Concurrency in Practice},
 year = {2005},
 isbn = {0321349601},
 publisher = {Addison-Wesley Professional},
} 


@INPROCEEDINGS{pettie05, 
author={Pettie, S.}, 
booktitle={Foundations of Computer Science, 2005. FOCS 2005. 46th Annual IEEE Symposium on}, 
title={Towards a final analysis of pairing heaps}, 
year={2005}, 
month={oct.}, 
volume={}, 
number={}, 
pages={ 174 - 183}, 
keywords={ Fibonacci heap; data structures; deletemin operation; logarithmic time bound; pairing heaps; priority queue; splay trees; computational complexity; data structures; information theory; trees (mathematics);}, 
doi={10.1109/SFCS.2005.75}, 
ISSN={},}

@article{pugh90,
 author = {Pugh, William},
 title = {Skip lists: a probabilistic alternative to balanced trees},
 journal = {Commun. ACM},
 volume = {33},
 issue = {6},
 month = {June},
 year = {1990},
 issn = {0001-0782},
 pages = {668--676},
 numpages = {9},
 url = {http://doi.acm.org/10.1145/78973.78977},
 doi = {http://doi.acm.org/10.1145/78973.78977},
 acmid = {78977},
 publisher = {ACM},
 address = {New York, NY, USA},
 keywords = {data structures, searching, trees},
}
 
@TECHREPORT{pugh90a,
    author = {William Pugh},
    title = {A Skip List Cookbook},
    institution = {University of Maryland},
    year = {1990}
}

@misc{rfc5340,
  author="R. Coltun and D. Ferguson and J. Moy and A. Lindem",
  title="{OSPF for IPv6}",
  series="Request for Comments",
  number="5340",
  howpublished="RFC 5340 (Proposed Standard)",
  publisher="IETF",
  organization="Internet Engineering Task Force",
  year=2008,
  month=jul,
    url="http://www.ietf.org/rfc/rfc5340.txt",
}

@article {shavit97,
   author = {Shavit, N. and Touitou, D.},
   affiliation = {Computer Science Department, Tel Aviv University, Ramat Aviv 69 978, Israel shanir@cs.tau.ac.il, danidin@cs.tau.ac.il IL},
   title = {Elimination Trees and the Construction of Pools and Stacks},
   journal = {Theory of Computing Systems},
   publisher = {Springer New York},
   issn = {1432-4350},
   keyword = {Computer Science},
   pages = {645-670},
   volume = {30},
   issue = {6},
   url = {http://dx.doi.org/10.1007/s002240000072},
   note = {10.1007/s002240000072},
   year = {1997}
}

@INPROCEEDINGS{shavit00, 
author={Shavit, N. and Lotan, I.}, 
booktitle={Parallel and Distributed Processing Symposium, 2000. IPDPS 2000. Proceedings. 14th International}, 
title={Skiplist-based concurrent priority queues}, 
year={2000}, 
month={}, 
volume={}, 
number={}, 
pages={263 -268}, 
keywords={concurrent priority queues;large scale multiprocessors;multiprocessor algorithms;parallelism;priority queues;skiplist data structure;data structures;multiprocessing systems;parallel programming;queueing theory;}, 
doi={10.1109/IPDPS.2000.845994}, 
ISSN={},}

@misc{slndc,
title={Stanford Large Network Dataset Collection},
author={Jure Leskovec},
year={2012},
url="http://snap.stanford.edu/data/",
}

@article{sundell05,
 author = {Sundell, H{\aa}kan and Tsigas, Philippas},
 title = {Fast and lock-free concurrent priority queues for multi-thread systems},
 journal = {J. Parallel Distrib. Comput.},
 volume = {65},
 issue = {5},
 month = {May},
 year = {2005},
 issn = {0743-7315},
 pages = {609--627},
 numpages = {19},
 url = {http://dx.doi.org/10.1016/j.jpdc.2004.12.005},
 doi = {http://dx.doi.org/10.1016/j.jpdc.2004.12.005},
 acmid = {1073770},
 publisher = {Academic Press, Inc.},
 address = {Orlando, FL, USA},
 keywords = {Concurrent, Lock-free, Multi-thread, Non-blocking, Priority queue, Real-time, Shared data structure, Skip list},
} 